% Encoding: windows-1252
@article{incidentRates,
author = {Mansouri, Mohammad and Aran, Shima and Harvey, Harlan B. and Shaqdan, Khalid W. and Abujudeh, Hani H.},
title = {Rates of safety incident reporting in MRI in a large academic medical center},
journal = {Journal of Magnetic Resonance Imaging},
volume = {43},
number = {4},
pages = {998-1007},
year = {2016}
}

@incollection{quantitativeMri,
title = {Quantitative MRI: Rationale and Challenges},
editor = {Nicole Seiberlich and Vikas Gulani and Fernando Calamante and Adrienne Campbell-Washburn and Mariya Doneva and Houchun Harry Hu and Steven Sourbron},
series = {Advances in Magnetic Resonance Technology and Applications},
publisher = {Academic Press},
volume = {1},
pages = {xxxvii-li},
year = {2020},
booktitle = {Quantitative Magnetic Resonance Imaging},
issn = {2666-9099},
author = {Vikas Gulani and Nicole Seiberlich}
}


@misc{wikipediaMri,
    url         = {https://en.wikipedia.org/wiki/Magnetic_resonance_imaging},
    year         = {2024},
    howpublished = {In \textit{Wikipedia}}
}

@article{water_fat_1,
  author    = {T. Baum and C. Cordes and M. Dieckmeyer and S. Ruschke and D. Franz and H. Hauner and J. S. Kirschke and D. C. Karampinos},
  title     = {{MR-based assessment of body fat distribution and characteristics}},
  journal   = {European Journal of Radiology},
  volume    = {85},
  number    = {8},
  pages     = {1512--1518},
  year      = {2016},
  doi       = {},
  url       = {}
}

@article{water_fat_2,
  author    = {D. Franz and J. Syväri and D. Weidlich and T. Baum and E. J. Rummeny and D. C. Karampinos},
  title     = {{Magnetic Resonance Imaging of Adipose Tissue in Metabolic Dysfunction}},
  journal   = {RöFo-Fortschritte auf dem Gebiet der Röntgenstrahlen und der bildgebenden Verfahren},
  volume    = {190},
  number    = {12},
  year      = {2018},
  pages     = {1121--1130},
  publisher = {Georg Thieme Verlag KG},
  doi       = {},
  url       = {}
}

@article{poser2009,
  author    = {Poser, Benedikt},
  title     = {Techniques for BOLD and Blood Volume Weighted fMRI},
  year      = {2009},
  publisher = {{[S.l.: s.n.]}}
}
@article{Haacke2014,
  author    = {Haacke, E. M. and Brown, R. W. and Thompson, M. R. and Venkatesan, R.},
  title     = {Magnetic Resonance Imaging: Physical Principles and Sequence Design},
  publisher = {Wiley},
  year      = {2014},
}
@article{ridgway2010cardiovascular,
  author  = {Ridgway, John P.},
  title   = {Cardiovascular magnetic resonance physics for clinicians: part {I}},
  journal = {Journal of Cardiovascular Magnetic Resonance},
  volume  = {12},
  number  = {1},
  pages   = {71},
  year    = {2010},
  month   = {Nov},
  day     = {30},
  doi     = {10.1186/1532-429X-12-71},
  issn    = {1532-429X},
  pmid    = {21118531},
  pmcid   = {PMC3016368},
}
@article{gudbjartsson1995rician,
  author  = {Gudbjartsson, H. and Patz, S.},
  title   = {The Rician distribution of noisy {MRI} data},
  journal = {Magnetic Resonance in Medicine},
  volume  = {34},
  number  = {6},
  pages   = {910--914},
  year    = {1995},
  month   = {Dec},
  doi     = {10.1002/mrm.1910340618},
  note    = {Erratum in: Magnetic Resonance in Medicine, 1996 Aug;36(2):332},
  issn    = {0740-3194},
  pmid    = {8598820},
  pmcid   = {PMC2254141},
}
@article{radiologycafe,
  title        = {Radiology Cafe - FRCR Physics Notes: MR Imaging - Gradient-Recalled Echo Sequence},
  author       = {Radiology Cafe},
  howpublished = {\url{https://www.radiologycafe.com/frcr-physics-notes/mr-imaging/gradient-recalled-echo-sequence/}},
  year         = {Accessed 2023, July 14},
}
@article{zhang_beyond_2017,
	doi = {10.1109/tip.2017.2662206},
	year = 2017,
	month = {jul},
  
	publisher = {Institute of Electrical and Electronics Engineers ({IEEE})},
  
	volume = {26},
  
	number = {7},
  
	pages = {3142--3155},
  
	author = {Kai Zhang and Wangmeng Zuo and Yunjin Chen and Deyu Meng and Lei Zhang},
  
	title = {Beyond a Gaussian Denoiser: Residual Learning of Deep {CNN} for Image Denoising},
  
	journal = {{IEEE} Transactions on Image Processing}
}
@misc{mohan_robust_2020,
      title={Robust and interpretable blind image denoising via bias-free convolutional neural networks}, 
      author={Sreyas Mohan and Zahra Kadkhodaie and Eero P. Simoncelli and Carlos Fernandez-Granda},
      year={2020},
      eprint={1906.05478},
      archivePrefix={arXiv},
      primaryClass={eess.IV}
}
@article{Ronneberger_Fischer_Brox_2015, title={U-Net: Convolutional Networks for Biomedical Image Segmentation}, DOI={10.1007/978-3-319-24574-4_28}, journal={Lecture Notes in Computer Science}, author={Ronneberger, Olaf and Fischer, Philipp and Brox, Thomas}, year={2015}, pages={234–241}} 

@inproceedings{martin2001database,
  title={A database of human segmented natural images and its application to evaluating segmentation algorithms and measuring ecological statistics},
  author={Martin, D. and Fowlkes, C. and Tal, D. and Malik, J.},
  booktitle={Proc. 8th Int'l Conf. Computer Vision},
  volume={2},
  pages={416--423},
  month={July},
  year={2001}
}
@article{wang2015,
  author    = {Wang, Y and Liu, T},
  title     = {Quantitative susceptibility mapping (QSM): Decoding MRI data for a tissue magnetic biomarker},
  journal   = {Magn Reson Med},
  volume    = {73},
  number    = {1},
  pages     = {82--101},
  year      = {2015},
  month     = jan,
  doi       = {10.1002/mrm.25358},
  note      = {Epub 2014 Jul 17},
  pmid      = {25044035},
  pmcid     = {PMC4297605},
}
@article{liu2014,
  author    = {C. Liu and W. Li and K. A. Tong and K. W. Yeom and S. Kuzminski},
  title     = {Susceptibility-weighted imaging and quantitative susceptibility mapping in the brain},
  journal   = {Journal of Magnetic Resonance Imaging},
  volume    = {42},
  number    = {1},
  pages     = {23--41},
  year      = {2014}
}

@article{eskreis-winkler2016,
  author    = {S. Eskreis-Winkler and Y. Zhan and J. Zhang and Z. Liu and A. Dimov and A. Gupta and Y. Wang},
  title     = {The clinical utility of qsm: disease diagnosis, medical management, and surgical planning},
  journal   = {NMR in Biomedicine},
  volume    = {30},
  number    = {4},
  pages     = {e3668},
  year      = {2016}
}

@article{sun2016,
  author    = {H. Sun and P. Seres and A.H. Wilman},
  title     = {Structural and functional quantitative susceptibility mapping from standard fmri studies},
  journal   = {NMR in Biomedicine},
  volume    = {30},
  number    = {4},
  pages     = {e3619},
  year      = {2016}
}

@article{wei2017,
  author    = {H. Wei and E. Gibbs and P. Zhao and N. Wang and G. P. Cofer and Y. Zhang and G. A. Johnson and C. Liu},
  title     = {Susceptibility tensor imaging and tractography of collagen fibrils in the articular cartilage},
  journal   = {Magnetic Resonance in Medicine},
  volume    = {78},
  number    = {5},
  pages     = {1683--1690},
  year      = {2017}
}

@article{dimov2017,
  author    = {A. V. Dimov and Z. Liu and P. Spincemaille and M. R. Prince and J. Du and Y. Wang},
  title     = {Bone quantitative susceptibility mapping using a chemical species–specific signal model with ultrashort and conventional echo data},
  journal   = {Magnetic Resonance in Medicine},
  volume    = {79},
  number    = {1},
  pages     = {121--128},
  year      = {2017}
}
@article{logullo2022,
  author    = {Logullo, A.F. and Prigenzi, K.C.K. and Nimir, C.C.B.A. and Franco, A.F.V. and Campos, M.S.D.A.},
  title     = {Breast microcalcifications: Past, present and future (Review)},
  journal   = {Mol Clin Oncol},
  volume    = {16},
  number    = {4},
  pages     = {81},
  year      = {2022},
  month     = apr,
  doi       = {10.3892/mco.2022.2514},
  note      = {Epub 2022 Feb 10},
  pmid      = {35251632},
  pmcid     = {PMC8892454},
}

@article{Bazin606582,
	author = {Pierre-Louis Bazin and Anneke Alkemade and Wietske van der Zwaag and Matthan Caan and Martijn Mulder and Birte U. Forstmann},
	doi = {10.1101/606582},
	elocation-id = {606582},
	journal = {bioRxiv},
	publisher = {Cold Spring Harbor Laboratory},
	title = {Denoising High-field Multi-dimensional MRI with Local Complex PCA},
	year = {2019},
}
@article{allen2017,
  author    = {Allen, B.C. and Lugauer, F. and Nickel, D. and Bhatti, L. and Dafalla, R.A. and Dale, B.M. and Jaffe, T.A. and Bashir, M.R.},
  title     = {Effect of a Low-Rank Denoising Algorithm on Quantitative Magnetic Resonance Imaging-Based Measures of Liver Fat and Iron},
  journal   = {J Comput Assist Tomogr},
  volume    = {41},
  number    = {3},
  pages     = {412--416},
  year      = {2017},
  month     = {May/Jun},
  doi       = {10.1097/RCT.0000000000000535},
  pmid      = {28505623},
}
@article{boehm2021improved,
  title={Improved body quantitative susceptibility mapping by using a variable-layer single-min-cut graph-cut for field-mapping},
  author={Boehm, C and Diefenbach, MN and Makowski, MR and Karampinos, DC},
  journal={Magn Reson Med},
  volume={85},
  number={3},
  pages={1697--1712},
  year={2021},
  month={Mar},
  doi={10.1002/mrm.28515},
  note={Epub 2020 Nov 5},
  PMID={33151604}
}
@article{boehm2022preconditioned,
  title={Preconditioned water-fat total field inversion: Application to spine quantitative susceptibility mapping},
  author={Boehm, C and Sollmann, N and Meineke, J and Ruschke, S and Dieckmeyer, M and Weiss, K and Zimmer, C and Makowski, MR and Baum, T and Karampinos, DC},
  journal={Magn Reson Med},
  volume={87},
  number={1},
  pages={417--430},
  year={2022},
  month={Jan},
  doi={10.1002/mrm.28903},
  note={Epub 2021 Jul 13},
  PMID={34255370}
}
@inproceedings{boehm2023high,
  title={High spatial resolution quantitative susceptibility mapping using in-phase echoes enables the depiction of breast microcalcifications},
  author={Boehm, C and Komenda, A and Weiss, K and Stelter, JK and Borde, T and Meineke, J and Makowski, MR and Fallenberg, EM and Karampinos, DC},
  booktitle={Proceedings 31. Annual Meeting International Society for Magnetic Resonance in Medicine},
  pages={0189},
  year={2023},
  address={Toronto, Canada}
}
@article{Virtue2017BetterTR,
  title={Better than real: Complex-valued neural nets for MRI fingerprinting},
  author={Patrick Virtue and Stella X. Yu and Michael Lustig},
  journal={2017 IEEE International Conference on Image Processing (ICIP)},
  year={2017},
  pages={3953-3957}
}
@article{Wirtinger1927ZurFT,
  author = {Wirtinger, W.},
  title = {Zur formalen Theorie der Funktionen von mehr komplexen Veränderlichen},
  journal = {Math. Ann.},
  volume = {97},
  pages = {357--375},
  year = {1927},
  doi = {10.1007/BF01447872},
}
@inproceedings{AminAAM11,
  title={Wirtinger Calculus Based Gradient Descent and Levenberg-Marquardt Learning Algorithms in Complex-Valued Neural Networks},
  author={Md. Faijul Amin and Muhammad Ilias Amin and Ahmed Yarub H. Al-Nuaimi and Kazuyuki Murase},
  booktitle={International Conference on Neural Information Processing},
  year={2011},
}
@inbook{hirose2013learning,
    author = {Hirose, A. and Amin, F. and Murase, K.},
    title = {Learning Algorithms in Complex-Valued Neural Networks using Wirtinger Calculus},
    booktitle = {Complex-Valued Neural Networks: Advances and Applications},
    pages = {75--102},
    publisher = {IEEE},
    year = {2013}
}
@article{barrachina2023theory,
      title={Theory and Implementation of Complex-Valued Neural Networks}, 
      author={Jose Agustin Barrachina and Chengfang Ren and Gilles Vieillard and Christele Morisseau and Jean-Philippe Ovarlez},
      year={2023},
      eprint={2302.08286},
      archivePrefix={arXiv},
      primaryClass={stat.ML}
}
@article{xiao2022partial,
  title={Partial Fourier reconstruction of complex MR images using complex-valued convolutional neural networks},
  author={Xiao, L. and Liu, Y. and Yi, Z. and Zhao, Y. and Xie, L. and Cao, P. and Leong, ATL. and Wu, EX.},
  journal={Magnetic Resonance in Med},
  volume={87},
  number={2},
  pages={999--1014},
  year={2022},
  month={Feb},
  doi={10.1002/mrm.29033},
  note={Epub 2021 Oct 5},
  PMID={34611904}
}
@InProceedings{Vasudeva_2022_WACV,
    author    = {Vasudeva, Bhavya and Deora, Puneesh and Bhattacharya, Saumik and Pradhan, Pyari Mohan},
    title     = {Compressed Sensing MRI Reconstruction With Co-VeGAN: Complex-Valued Generative Adversarial Network},
    booktitle = {Proceedings of the IEEE/CVF Winter Conference on Applications of Computer Vision (WACV)},
    month     = {January},
    year      = {2022},
    pages     = {672-681}
}
@article{cole2021analysis,
  title={Analysis of deep complex-valued convolutional neural networks for MRI reconstruction and phase-focused applications},
  author={Cole, E and Cheng, J and Pauly, J and Vasanawala, S},
  journal={Magn Reson Med},
  volume={86},
  number={2},
  pages={1093--1109},
  year={2021},
  month={Aug},
  publisher={Wiley Online Library},
  doi={10.1002/mrm.28733},
  note={Epub 2021 Mar 16},
  PMID={33724507},
  PMCID={PMC8291740}
}

@article{liu2017preconditioned,
  title={Preconditioned total field inversion (TFI) method for quantitative susceptibility mapping},
  author={Liu, Z and Kee, Y and Zhou, D and Wang, Y and Spincemaille, P},
  journal={Magn Reson Med},
  volume={78},
  number={1},
  pages={303--315},
  year={2017},
  month={Jul},
  publisher={Wiley Online Library},
  doi={10.1002/mrm.26331},
  note={Epub 2016 Jul 28},
  PMID={27464893},
  PMCID={PMC5274595}
}
@book{nolting2004grundkurs,
  title={Grundkurs Theoretische Physik 3},
  author={Nolting, W.},
  series={Grundkurs Theoretische Physik},
  publisher={Springer},
  year={2004}
}

@book{seiberlich2020quantitative,
  title={Quantitative magnetic resonance imaging},
  editor={Seiberlich, N. and Gulani, V.},
  edition={1},
  publisher={Elsevier},
  year={2020},
  address={Cambridge}
}
@article{LeeSurvey,
  author={Lee, ChiYan and Hasegawa, Hideyuki and Gao, Shangce},
  journal={IEEE/CAA Journal of Automatica Sinica}, 
  title={Complex-Valued Neural Networks: A Comprehensive Survey}, 
  year={2022},
  volume={9},
  number={8},
  pages={1406-1426},
  doi={10.1109/JAS.2022.105743}}
@misc{Bassey2021ASO,
      title={A Survey of Complex-Valued Neural Networks}, 
      author={Joshua Bassey and Lijun Qian and Xianfang Li},
      year={2021},
      eprint={2101.12249},
      archivePrefix={arXiv},
      primaryClass={stat.ML}
}
@ARTICLE{Xuradar,
  author={Xu, Jie and Wu, Chengyu and Ying, Shuangshuang and Li, Hui},
  journal={IEEE Access}, 
  title={The Performance Analysis of Complex-Valued Neural Network in Radio Signal Recognition}, 
  year={2022},
  volume={10},
  number={},
  pages={48708-48718},
  doi={10.1109/ACCESS.2022.3171856}}
@article{mcveigh1985noise,
  title={Noise and filtration in magnetic resonance imaging},
  author={McVeigh, ER and Henkelman, RM and Bronskill, MJ},
  journal={Med Phys},
  volume={12},
  number={5},
  pages={586--591},
  year={1985},
  month={Sep-Oct},
  doi={10.1118/1.595679},
  PMID={4046992},
  PMCID={PMC2169200}
}
@article{celik2002signal,
  title={Signal-to-Noise Ratio as a Function of Imaging Parameters},
  author={Celik, Azim and Lin, Weili},
  journal={Current Protocols in Magnetic Resonance Imaging},
  volume={4},
  number={1},
  pages={B6.2.1-B6.2.9},
  year={2002}
}
@article{mcfarlane1968magnetic,
  author = {McFarlane, W.},
  title = {A $^{13}$C and $^{31}$P magnetic double resonance study of organo-phosphorus compounds},
  journal = {Proc. R. Soc. Lond. A},
  volume = {306},
  pages = {185--199},
  year = {1968}
}

@article{wang2019hyperpolarized,
  title={Hyperpolarized 13C MRI: State of the Art and Future Directions},
  author={Wang, ZJ and Ohliger, MA and Larson, PEZ and Gordon, JW and Bok, RA and Slater, J and Villanueva-Meyer, JE and Hess, CP and Kurhanewicz, J and Vigneron, DB},
  journal={Radiology},
  volume={291},
  number={2},
  pages={273--284},
  year={2019},
  month={May},
  doi={10.1148/radiol.2019182391},
  note={Epub 2019 Mar 5},
  PMID={30835184},
  PMCID={PMC6490043}
}

@article{hanson2008quantum,
  title={Is quantum mechanics necessary for understanding magnetic resonance?},
  author={Hanson, L. G.},
  journal={Concepts in Magnetic Resonance Part A},
  volume={32A},
  number={5},
  pages={329--340},
  year={2008}
}

@article{bloch1946nuclear,
  title={Nuclear induction},
  author={Bloch, F.},
  journal={Phys. Rev.},
  volume={70},
  pages={460--474},
  year={1946}
}

@article{liu2011novel,
  title={A novel background field removal method for MRI using projection onto dipole fields (pdf)},
  author={Liu, T. and Khalidov, I. and de Rochefort, L. and Spincemaille, P. and Liu, J. and Tsiouris, A. J. and Wang, Y.},
  journal={NMR in Biomedicine},
  volume={24},
  number={9},
  pages={1129--1136},
  year={2011}
}

@article{schweser2011quantitative,
  title={Quantitative imaging of intrinsic magnetic tissue properties using MRI signal phase: An approach to in vivo brain iron metabolism?},
  author={Schweser, F. and Deistung, A. and Lehr, J. R. and Reichenbach, B. W.},
  journal={NeuroImage},
  volume={54},
  number={4},
  pages={2789--2807},
  year={2011}
}

@article{sun2014background,
  title={Background field removal using spherical mean value filtering and Tikhonov regularization},
  author={Sun, H. and Wilman, A. H.},
  journal={Magnetic Resonance in Medicine},
  volume={71},
  number={3},
  pages={1151--1157},
  year={2014}
}
@article{neelavalli2009removing,
  title={Removing background phase variations in susceptibility-weighted imaging using a fast, forward-field calculation},
  author={Neelavalli, J. and Cheng, YC. and Jiang, J. and Haacke, EM.},
  journal={J Magn Reson Imaging},
  volume={29},
  number={4},
  pages={937--948},
  year={2009},
  month={Apr},
  doi={10.1002/jmri.21693},
  PMID={19306433},
  PMCID={PMC2714529}
}
@article{bilgic2014fast,
  title={Fast image reconstruction with l2-regularization},
  author={Bilgic, B. and Chatnuntawech, I. and Fan, AP. and Setsompop, K. and Cauley, SF. and Wald, LL. and Adalsteinsson, E.},
  journal={Journal of Magnetic Resonance Imaging},
  volume={40},
  number={1},
  pages={181--191},
  year={2014}
}

@article{liu2012morphology,
  title={Morphology enabled dipole inversion for quantitative susceptibility mapping using structural consistency between the magnitude image and the susceptibility map},
  author={Liu, J. and Liu, T. and de Rochefort, L. and Ledoux, J. and Khalidov, I. and Chen, W. and Tsiouris, AJ. and Wisnie, C. and Spincemaille, P. and Prince, MR. and Wang, Y.},
  journal={Neuroimage},
  volume={59},
  number={3},
  pages={2560--2568},
  year={2012}
}

@article{liu2017preconditioned,
  title={Preconditioned total field inversion (t) method for quantitative susceptibility mapping},
  author={Liu, Z. and Kee, Y. and Zhou, D. and Wang, Y. and Spincemaille, P.},
  journal={Magnetic Resonance in Medicine},
  volume={78},
  number={1},
  pages={303--315},
  year={2017}
}

@article{liu2009calculation,
  title={Calculation of susceptibility through multiple orientation sampling (cosmos): A method for conditioning the inverse problem from measured magnetic field map to susceptibility source image in MRI},
  author={Liu, T. and Spincemaille, P. and de Rochefort, L. and Kressle, r B. and Wang, Y.},
  journal={Magnetic Resonance in Medicine},
  volume={61},
  number={1},
  pages={196--204},
  year={2009}
}
@misc{bmrrgroup2018,
  author={Body Magnetic Resonance Research (BMRR) Group},
  title={Body Magnetic Resonance Research (BMRR) Group},
  note={Accessed: 2023-05-01},
  url={http://bmrrgroup.de/}
}
@article{liu2020automated,
  title={Automated adaptive preconditioner for quantitative susceptibility mapping},
  author={Liu, Z. and Wen, Y. and Spincemaille, P. and Zhang, S. and Yao, Y. and Nguyen, TD. and Wang, Y.},
  journal={Magn Reson Med},
  volume={83},
  number={1},
  pages={271--285},
  year={2020},
  month={Jan},
  doi={10.1002/mrm.27900},
  note={Epub 2019 Aug 11},
  PMID={31402519},
  PMCID={PMC6778703}
}
@article{boehm2023waterfat,
    author    = {Boehm, C and Schlaeger, S and Meineke, J and Weiss, K and Makowski, MR and Karampinos, DC},
    title     = {On the water–fat in-phase assumption for quantitative susceptibility mapping},
    journal   = {Magn Reson Med},
    volume    = {89},
    pages     = {1068--1082},
    year      = {2023},
    doi       = {10.1002/mrm.29516}
}
@online{mriquestions_frequency_encoding,
  title        = {How does frequency encoding work?},
  author       = {MRI Questions},
  year         = {Accessed 2023, June 15},
  url          = {https://mriquestions.com/frequency-encoding.html}
}
@online{mriquestions_phase_encoding,
  title        = {Intro to Phase-encoding},
  author       = {MRI Questions},
  year         = {Accessed 2023, June 15},
  url          = {https://mriquestions.com/what-is-phase-encoding.html}
}
@phdthesis{Virtue,
    Author = {Virtue, Patrick},
    Title = {Complex-valued Deep Learning with Applications to Magnetic Resonance Image Synthesis},
    School = {EECS Department, University of California, Berkeley},
    Year = {2019},
    Month = {Aug},
    Number = {UCB/EECS-2019-126}
}


@Comment{jabref-meta: databaseType:bibtex;}
